<record><leader>00000cas a22000007a 4500</leader><controlfield tag="001">21554511</controlfield><controlfield tag="008">900518d19051925nhuwr ne      0    0eng d</controlfield><datafield ind1=" " ind2=" " tag="010"><subfield code="a">sn 90062072 </subfield></datafield><datafield ind1=" " ind2=" " tag="040"><subfield code="a">NVH</subfield><subfield code="b">eng</subfield><subfield code="c">NVH</subfield><subfield code="d">OCLCQ</subfield></datafield><datafield ind1=" " ind2=" " tag="042"><subfield code="a">msc</subfield></datafield><datafield ind1="0" ind2="0" tag="245"><subfield code="a">Penacook news-letter.</subfield></datafield><datafield ind1=" " ind2=" " tag="260"><subfield code="a">Penacook, N.H. :</subfield><subfield code="b">W.B. Ranney</subfield></datafield><datafield ind1=" " ind2=" " tag="300"><subfield code="a">v.</subfield></datafield><datafield ind1=" " ind2=" " tag="310"><subfield code="a">Weekly</subfield></datafield><datafield ind1="0" ind2=" " tag="362"><subfield code="a">Vol. 31, no. 1 (Jan. 5, 1905)-v. 51, no. 1 (Jan. 1, 1925).</subfield></datafield><datafield ind1=" " ind2=" " tag="752"><subfield code="a">United States</subfield><subfield code="b">New Hampshire</subfield><subfield code="c">Merrimack</subfield><subfield code="d">Penacook.</subfield></datafield><datafield ind1="0" ind2="0" tag="780"><subfield code="t">Rays of light</subfield><subfield code="w">(DLC)sn 84020499</subfield></datafield><datafield ind1="0" ind2="4" tag="785"><subfield code="t">Journal-transcript (Franklin, N.H. : 1898)</subfield><subfield code="w">(DLC)sn 83000791</subfield></datafield></record>